@article{plnpca-importance,
  title={Importance sampling-based gradient method for dimension reduction in Poisson log-normal model},
  author={Batardi{\`e}re, Bastien and Chiquet, Julien and Kwon, Joon and Stoehr, Julien},
  journal={Electronic Journal of Statistics},
  year={2025}
}

@article{batardiere2024evaluating,
  title={Evaluating Parameter Uncertainty in the Poisson Lognormal Model with Corrected Variational Estimators},
  author={Batardi{\`e}re, Bastien and Chiquet, Julien and Mariadassou, Mahendra},
  journal={arXiv preprint arXiv:2411.08524},
  year={2024}
}

@article{batardiere2024zero,
  title={Zero-inflation in the Multivariate Poisson Lognormal Family},
  author={Batardi{\`e}re, Bastien and Chiquet, Julien and Gindraud, Fran{\c{c}}ois and Mariadassou, Mahendra},
  journal={arXiv preprint},
  url = {https://arxiv.org/abs/2405.14711},
  year={2024}
}

@article{pyplnmodels,
  title={pyPLNmodels: A Python package to analyze multivariate high-dimensional count data},
  author={Batardiere, Bastien and Kwon, Joon and Chiquet, Julien},
  journal={Journal of Open Source Software},
  volume={9},
  number={104},
  pages={6969},
  year={2024}
}

@article{blei2017variational,
  title={Variational inference: A review for statisticians},
  author={Blei, David M and Kucukelbir, Alp and McAuliffe, Jon D},
  journal={Journal of the American statistical Association},
  volume={112},
  number={518},
  pages={859--877},
  year={2017},
  publisher={Taylor \& Francis}
}

@article{pln-composite,
  title={Composite likelihood inference for the Poisson log-normal model},
  author={Stoehr, Julien and Robin, Stephane S},
  journal={arXiv preprint arXiv:2402.14390},
  year={2024}
}

@article{microcosm,
  title={Microbiota members from body sites of dairy cows are largely shared within individual hosts throughout lactation but sharing is limited in the herd},
  author={Mariadassou, Mahendra and Nouvel, Laurent X and Constant, Fabienne and Morgavi, Diego P and Rault, Lucie and Barbey, Sarah and Helloin, Emmanuelle and Ru{\'e}, Olivier and Schbath, Sophie and Launay, Frederic and others},
  journal={Animal Microbiome},
  volume={5},
  number={1},
  pages={32},
  year={2023},
  publisher={Springer}
}

@article{pytorch,
  title={Automatic differentiation in pytorch},
  author={Paszke, Adam and Gross, Sam and Chintala, Soumith and Chanan, Gregory and Yang, Edward and DeVito, Zachary and Lin, Zeming and Desmaison, Alban and Antiga, Luca and Lerer, Adam},
  year={2017}
}

@Manual{torch,
  title = {torch: Tensors and Neural Networks with 'GPU' Acceleration},
  author = {Daniel Falbel and Javier Luraschi},
  year = {2022},
  note = {https://torch.mlverse.org/docs, https://github.com/mlverse/torch},
}

@inproceedings{rprop,
  title={A direct adaptive method for faster backpropagation learning: The RPROP algorithm},
  author={Riedmiller, Martin and Braun, Heinrich},
  booktitle={IEEE international conference on neural networks},
  pages={586--591},
  year={1993},
  organization={IEEE}
}

@article{Facon2021,
abbr = {Ecol. Lett.},
	author = {Facon, Benoit and Hafsi, Abir and de la Masseli{\`e}re, Maud Charlery and Robin, St{\'e}phane and Massol, Fran{\c c}ois and Dubart, Maxime and Chiquet, Julien and Frago, Enric and Chiroleu, Fr{\'e}d{\'e}ric and Duyck, Pierre-Fran{\c c}ois and Ravign{\'e}, Virginie},
	title = {Joint species distributions reveal the combined effects of host plants, abiotic factors and species competition as drivers of species abundances in fruit flies},
	year = {2021},
	doi = {10.1111/ele.13825},
	biorxiv = {early/2021/03/03/2020.12.07.414326},
	journal = {Ecological Letters},
}

@article{Lejal2021,
abbr = {Microbiome},
	author = {Lejal, E and Chiquet, J and Aubert, J and Robin, S and Estrada-Pe{\~n}a, A and Rue, O and Midoux, C and Mariadassou, M and Bailly, X and Cougoul, A and Gasqui, P and Cosson, JF and Chalvet-Monfray, K and Vayssier-Taussat, M and Pollet, T},
	title = {Temporal patterns in Ixodes ricinus microbial communities: an insight into tick-borne microbe interactions},
	year = {2021},
	volume = {9},
	number = {153},
	doi = {10.1186/s40168-021-01051-8},
	biorxiv = {early/2020/09/26/2020.09.26.314179},
	journal = {Microbiome},
}

@article{lognormcharact,
  title={Risk probabilities: asymptotics and simulation},
  author={Rojas-Nandayapa, Leonardo},
  year={2008},
  publisher={Aarhus Universitetsforlag}
}

@ARTICLE{PLNmodels,
  selected =     {true},
  ABBR =         {Front Ecol Evol},
  AUTHOR =	 {Chiquet, Julien and Mariadassou, Mahendra and Robin,
                  Stéphane},
  TITLE =	 {The Poisson-Lognormal Model as a Versatile Framework
                  for the Joint Analysis of Species Abundances},
  JOURNAL =	 {Frontiers in Ecology and Evolution},
  VOLUME =	 9,
  YEAR =	 2021,
  DOI =		 {10.3389/fevo.2021.588292},
}

@article{JAL16,
  title={Deciphering the pathobiome: intra-and interkingdom interactions involving the pathogen Erysiphe alphitoides},
  author={Jakuschkin, Boris and Fievet, Virgil and Schwaller, Lo{\"\i}c and Fort, Thomas and Robin, C{\'e}cile and Vacher, Corinne},
  journal={Microbial ecology},
  volume={72},
  number={4},
  pages={870--880},
  year={2016},
  publisher={Springer}
}

@article{mollusk,
  title={Typological value of the benthos of old beds of a large river. Methodological approach.},
  author={Richardot-Coulet, M and Chessel, D and Bournaud, M},
  journal={Archiv fur Hydrobiologie. Stuttgart},
  volume={107},
  number={3},
  pages={363--383},
  year={1986}
}

@Article{PLNPCA,
  author = {Julien Chiquet and Mahendra Mariadassou and Stéphane Robin},
  title = {Variational inference for probabilistic Poisson PCA},
  journal = {The Annals of Applied Statistics},
  year = {2018},
  volume = {12},
  pages = {2674--2698},
  url = {http://dx.doi.org/10.1214/18-AOAS1177},
}

@InProceedings{PLNnetwork,
  author = {Julien Chiquet and Mahendra Mariadassou and Stéphane Robin},
  title = {Variational inference for sparse network reconstruction from count data},
  booktitle = {Proceedings of the 19th International Conference on Machine Learning (ICML 2019)},
  year = {2019},
}

@article{tikhonov2020joint,
  title={Joint species distribution modelling with the R-package Hmsc},
  author={Tikhonov, Gleb and Opedal, {\O}ystein H and Abrego, Nerea and Lehikoinen, Aleksi and de Jonge, Melinda MJ and Oksanen, Jari and Ovaskainen, Otso},
  journal={Methods in ecology and evolution},
  volume={11},
  number={3},
  pages={442--447},
  year={2020},
  publisher={Wiley Online Library}
}

@inproceedings{baey2023efficient,
  title={Efficient preconditioned stochastic gradient descent for estimation in latent variable models},
  author={Baey, Charlotte and Delattre, Maud and Kuhn, Estelle and Leger, Jean-Benoist and Lemler, Sarah},
  booktitle={International Conference on Machine Learning},
  pages={1430--1453},
  year={2023},
  organization={PMLR}
}

@inproceedings{trichoptera,
  title={Influence des facteurs météorologiques sur les résultats de piégeage lumineux},
  author={Usseglio-Polatera, P. and Auda, Y.},
  booktitle={Annales de Limnologie-International Journal of Limnology},
  volume={23},
  number={1},
  pages={65--79},
  year={1987},
  organization={EDP Sciences}
}

@Book{MKB79,
  title     = {Multivariate analysis},
  author    = {Mardia, K.V. and Kent, J.T. and Bibby, J.M.},
  publisher = {Academic press},
  year      = {1979}
}

@Article{AiH89,
  Title     = {The multivariate Poisson-log normal distribution},
  Author    = {Aitchison, J. and Ho, C.H.},
  Journal   = {Biometrika},
  Year      = {1989},
  Number    = {4},
  Pages     = {643--653},
  Volume    = {76},
  Publisher = {Oxford University Press}
}

@Article{IYA16,
  Title                    = {A review of multivariate distributions for count
 data derived from the Poisson distribution},
  Author                   = {Inouye, David I and Yang, Eunho and Allen, Genevera
 I and Ravikumar, Pradeep},
  Journal                  = {Wiley Interdisciplinary Reviews: Computational
 Statistics},
  Year                     = {2017},
  Number                   = {3},
  Volume                   = {9},

  Publisher                = {Wiley Online Library}
}

@Manual{nlopt,
  Title                    = {The NLopt nonlinear-optimization package},
  Author                   = {Johnson, Steven G},
  Year                     = {2011},

  Url                      = {http://ab-initio.mit.edu/nlopt}
}

@Article{Svan02,
  Title                    = {A class of globally convergent optimization methods based on conservative convex separable approximations},
  Author                   = {Svanberg, Krister},
  Journal                  = {SIAM journal on optimization},
  Year                     = {2002},
  Number                   = {2},
  Pages                    = {555--573},
  Volume                   = {12},

  Publisher                = {SIAM}
}

@Article{TiB99,
  Title                    = {Probabilistic principal component analysis},
  Author                   = {Tipping, M. E and Bishop, C. M},
  Journal                  = {Journal of the Royal Statistical Society: Series B
 (Statistical Methodology)},
  Year                     = {1999},
  Number                   = {3},
  Pages                    = {611--622},
  Volume                   = {61},

  Publisher                = {Wiley Online Library}
}

@Article{banerjee2008,
  Title                    = {Model selection through sparse maximum likelihood estimation for multivariate gaussian or binary data},
  Author                   = {Banerjee, Onureena and Ghaoui, Laurent El and d'Aspremont, Alexandre},
  Journal                  = {Journal of Machine learning research},
  Year                     = {2008},
  Number                   = {Mar},
  Pages                    = {485--516},
  Volume                   = {9}
}

@Article{FHT08,
  Title                    = {Sparse inverse covariance estimation with the graphical lasso},
  Author                   = {Friedman, J. and Hastie, T. and Tibshirani, R.},
  Journal                  = {Biostatistics},
  Year                     = {2008},
  Number                   = {3},
  Pages                    = {432--441},
  Volume                   = {9},

  Publisher                = {Biometrika Trust}
}

@article{glassofast,
  title={GLASSOFAST: An efficient GLASSO implementation},
  author={Sustik, M{\'a}ty{\'a}s A and Calderhead, Ben},
  journal={UTCS Technical Report TR-12-29 2012},
  year={2012},
  publisher={University of Texas at Austin Austin}
}

@article{stabilitySelection,
  title={Stability selection},
  author={Meinshausen, Nicolai and B{\"u}hlmann, Peter},
  journal={Journal of the Royal Statistical Society: Series B (Statistical Methodology)},
  volume={72},
  number={4},
  pages={417--473},
  year={2010},
  publisher={Wiley Online Library}
}

@InProceedings{stars,
  Title                    = {Stability Approach to Regularization Selection (StARS) for High Dimensional Graphical Models},
  Author                   = {Liu, Han and Roeder, Kathryn and Wasserman, Larry},
  Booktitle                = {Proceedings of the 23rd International Conference on Neural Information Processing Systems - Volume 2},
  Year                     = {2010},
  Address                  = {USA},
  Pages                    = {1432--1440},
}

@article{Fi36,
author = {Fisher, R. A.},
title = {The use of multiple measurements in taxonomic problems},
journal = {Annals of Eugenics},
volume = {7},
number = {2},
pages = {179-188},
year = {1936}
}

@article{Rao48,
 author = {C. Radhakrishna Rao},
 journal = {Journal of the Royal Statistical Society. Series B (Methodological)},
 number = {2},
 pages = {159--203},
 publisher = {[Royal Statistical Society, Wiley]},
 title = {The Utilization of Multiple Measurements in Problems of Biological Classification},
 volume = {10},
 year = {1948},
}

@article{GMPR,
 title = {GMPR: A robust normalization method for zero-inflated count data with application to microbiome sequencing data},
 author = {Chen, Li and Reeve, James and Zhang, Lujun and Huang, Shengbing and Wang, Xuefeng and Chen, Jun},
 year = 2018,
 month = apr,
 keywords = {Normalization, Metagenomics, Microbiome, Statistics, Zero-inflation, RNA-seq},
 volume = 6,
 pages = {e4600},
 journal = {PeerJ},
 issn = {2167-8359},
 url = {https://doi.org/10.7717/peerj.4600},
 doi = {10.7717/peerj.4600}
}

@book{van2000asymptotic,
  title={Asymptotic statistics},
  author={Van der Vaart, Aad W},
  volume={3},
  year={2000},
  publisher={Cambridge university press}
}

@misc{Westling2015,
    title={Beyond prediction: A framework for inference with variational approximations in mixture models},
    author={Ted Westling and Tyler H. McCormick},
    year={2015},
    eprint={1510.08151},
    archivePrefix={arXiv},
    primaryClass={stat.ME}
}

@Article{CSS,
  Title                    = {Differential abundance analysis for microbial marker-gene surveys.},
  Author                   = {Joseph N Paulson and O. Colin Stine and Héctor Corrada Bravo and Mihai Pop},
  Journal                  = {Nat Methods},
  Year                     = {2013},
  Month                    = {Sep},
  volume                   = {10},
  pages                    = {1200--1202},
  Doi                      = {10.1038/nmeth.2658},
  Pii                      = {nmeth.2658},
  Url                      = {http://dx.doi.org/10.1038/nmeth.2658}
}

@Article{DESeq2,
  author="Anders, Simon and Huber, Wolfgang",
  title="Differential expression analysis for sequence count data",
  journal="Genome Biology",
  year="2010",
  month="Oct",
  day="27",
  volume="11",
  number="10",
  pages="R106",
  doi="10.1186/gb-2010-11-10-r106",
  url="https://doi.org/10.1186/gb-2010-11-10-r106"
}

@Article{phyloseq,
  Title                    = {phyloseq: An R Package for Reproducible Interactive Analysis and Graphics of Microbiome Census Data},
  Author                   = {McMurdie, Paul J. AND Holmes, Susan},
  Journal                  = {PLoS ONE},
  Year                     = {2013},
  Month                    = {04},
  Number                   = {4},
  Pages                    = {e61217},
  Volume                   = {8},
  Doi                      = {10.1371/journal.pone.0061217},
  Publisher                = {Public Library of Science},
  Url                      = {http://dx.doi.org/10.1371%2Fjournal.pone.0061217}
}

@Article{Kar05,
  Title                    = {{EM} algorithm for mixed {P}oisson and other
 discrete distributions},
  Author                   = {Karlis, D.},
  Journal                  = {Astin bulletin},
  Year                     = {2005},
  Number                   = {01},
  Pages                    = {3--24},
  Volume                   = {35},

  Publisher                = {Cambridge Univ Press}
}

@Article{WaJ08,
  Title                    = {Graphical Models, Exponential Families, and
 Variational Inference},
  Author                   = {Wainwright, M. J. and Jordan, M. I.},
  Journal                  = {Found. Trends Mach. Learn.},
  Year                     = {2008},
  Number                   = {1--2},
  Pages                    = {1--305},
  Volume                   = {1}
}
