@article{VEM,
  year = {2019},
  author = {Blei, David M. and Kucukelbir, Alp and McAuliffe, Jon D.},
  journal = {JASA},
  title = {Variational Inference: A Review for Statisticians},
}
  
@article{Pytorch,
  title={Automatic differentiation in PyTorch},
  author={Paszke, Adam and Gross, Sam and Chintala, Soumith and Chanan, Gregory and Yang, Edward and DeVito, Zachary and Lin, Zeming and Desmaison, Alban and Antiga, Luca and Lerer, Adam},
  year={2017}
}

@article{PLNPCA,
      title={Variational inference for probabilistic Poisson PCA}, 
      author={Julien Chiquet and Mahendra Mariadassou and St√©phane Robin},
      year={2018},
      journal={Annals of Applied Stat.},
}

@article{RPROP,
  title={A direct adaptive method for faster backpropagation learning: the RPROP algorithm},
  author={Martin A. Riedmiller and H. Braun},
  journal={IEEE International Conference on Neural Networks},
  year={1993},
  pages={586-591 vol.1}
}   

@article{PLN,
    author = {Aitchison, J. and Ho, C. H.},
    title = "{The multivariate Poisson-log normal distribution}",
    journal = {Biometrika},
    volume = {76},
    number = {4},
    pages = {643-653},
    year = {1989},
}

@article{pPCA,
 ISSN = {13697412, 14679868},
 URL = {http://www.jstor.org/stable/2680726},
 author = {Michael E. Tipping and Christopher M. Bishop},
 journal = {Journal of the Royal Statistical Society. Series B (Statistical Methodology)},
 number = {3},
 pages = {611--622},
 publisher = {[Royal Statistical Society, Wiley]},
 title = {Probabilistic Principal Component Analysis},
 volume = {61},
 year = {1999}
}

@article{SAGA,
  title={SAGA: A fast incremental gradient method with support for non-strongly convex composite objectives},
  author={Defazio, Aaron and Bach, Francis and Lacoste-Julien, Simon},
  journal={Advances in neural information processing systems},
  volume={27},
  year={2014}
}

@inproceedings{SVRG,
  title={Stabilized SVRG: Simple variance reduction for nonconvex optimization},
  author={Ge, Rong and Li, Zhize and Wang, Weiyao and Wang, Xiang},
  booktitle={Conference on learning theory},
  pages={1394--1448},
  year={2019},
  organization={PMLR}
}

@article{PLNmodels,
  title={The Poisson-lognormal model as a versatile framework for the joint analysis of species abundances},
  author={Chiquet, Julien and Mariadassou, Mahendra and Robin, St{\'e}phane},
  journal={Frontiers in Ecology and Evolution},
  volume={9},
  pages={188},
  year={2021},
  publisher={Frontiers}
}
